@TechReport{TechReport,
  Title                    = {Std 610.12-1990 (R2002, IEEE Standard Glossary of Software Engineering Terminology},
  Author                   = {IEEE},
  Institution              = {IEEE},
  Year                     = {1990}
}

@techreport{Sobel,
  author      = {Sobel, Irwin},
  title       = {An Isotropic 3x3 Image Gradient Operator},
  institution = {HP Labs Computer Vision \& Graphics},
  year        = {2014}
}

@misc{BASt,
title= {CEDR Call 2014 DoRN Mobility \& ITS},
howpublished = {\url{http://www.bast.de/DE/BASt/Forschung/Forschungsfoerderung/Downloads/cedr_call_2014_2.pdf?__blob=publicationFile&v=2}},
note         = {Stand: 09.04.2021}
}

@misc{benz-ft2025,
title= {Mercedes-Benz Future-Truck 2025},
howpublished = {\url{https://www.mercedes-benz.com/de/innovation/autonomous/selbststaendig-unterwegs-der-fern-lkw-der-zukunft/}},
note         = {Stand: 09.04.2021}
}

@misc{volvo-detection-report,
title={Driverless cars: Kangaroos throwing off animal detection software},
howpublished = {\url{https://www.abc.net.au/news/2017-06-24/driverless-cars-in-australia-face-challenge-of-roo-problem/8574816}},
note         = {Stand: 10.04.2021}
}

@misc{Gazebo,
title={Gazebo},
howpublished = {\url{http://gazebosim.org/}},
note         = {Stand: 06.08.2021}
}

@misc{ROS,
title={ROS},
howpublished = {\url{https://www.ros.org/}},
note         = {Stand: 06.08.2021}
}


@misc{TurtleBot3,
title={Hands-on With TurtleBot 3, a Powerful Little Robot for Learning ROS},
howpublished = {\url{https://spectrum.ieee.org/review-robotis-turtlebot-3}},
note         = {Stand: 06.08.2021}
}

@misc{MM,
title={Morphologische Bildverarbeitung},
howpublished = {\url{https://de.wikipedia.org/wiki/Mathematische_Morphologie}},
note         = {Stand: 08.08.2021}
}

@book{Frochte,
title={Maschinelles Lernen},
subtitle={Grundlagen und Algorithmen in Python},
author={Frochte, Jörg},
year={2019},
publisher={Carl Hanser Verlag}
}

@techreport{griffith,
  author      = {J. Baber and J. Kolodko and T. Noel and M. Parent and L. Vlacic},
  title       = {Cooperative Autonomous Driving: Intelligent Vehicles Sharing City Roads},
  institution = {Griffith University},
  year        = {2005}
}

@techreport{lidar-recognition,
  author      = {Q. Zhu and L. Chen and Q. Li and M. Li and A. Nüchter and J. Wang},
  title       = {3D LIDAR Point Cloud based Intersection Recognition for Autonomous Driving},
  institution = {IEEE},
  year        = {2012}
}

@techreport{ai-intersection-detection,
  author      = {T. Jochem and D. Pomerleau and C. Thorpe},
  title       = {Vision-Based Neural Network Road and Intersection Detection and Traversal},
  institution = {Carnegie Mellon University},
  year        = {1995 }
}

@BOOK{rupp,
	AUTHOR="Rupp, C.",
	TITLE="Requirements-Engineering und -Management: Aus der Praxis von klassisch bis agil",
	PUBLISHER="Carl Hanser Verlag GmbH \& Co. KG",
	YEAR=2014,
	ADDRESS="Wien"
}

@TechReport{IEEE610,
  Title                    = {Std 610.12-1990 (R2002, IEEE Standard Glossary of Software Engineering Terminology},
  Author                   = {IEEE},
  Institution              = {IEEE},
  Year                     = {1990}
}

@techreport{ISO25010,
  added-at = {2013-09-27T14:27:13.000+0200},
  author = {ISO/IEC},
  biburl = {https://www.bibsonomy.org/bibtex/2eab868d29307946c94ac5d7f2c646b86/junkerm},
  citeulike-article-id = {10951538},
  groups = {public},
  interhash = {344ec64aa39869f4bf6b510c9a9732cc},
  intrahash = {eab868d29307946c94ac5d7f2c646b86},
  keywords = {},
  posted-at = {2012-07-27 13:14:40},
  priority = {2},
  publisher = {ISO/IEC},
  timestamp = {2013-11-05T11:06:11.000+0100},
  title = {ISO/IEC 25010 System and software quality models},
  username = {junkerm},
  year = 2010
}