@TechReport{TechReport,
  Title                    = {Std 610.12-1990 (R2002, IEEE Standard Glossary of Software Engineering Terminology},
  Author                   = {IEEE},
  Institution              = {IEEE},
  Year                     = {1990}
}

@misc{BASt,
title= {CEDR Call 2014 DoRN Mobility & ITS},
howpublished = {\url{http://www.bast.de/DE/BASt/Forschung/Forschungsfoerderung/Downloads/cedr_call_2014_2.pdf?__blob=publicationFile&v=2}},
note         = {Stand: 09.04.2021}
}

@misc{benz-ft2025,
title= {Mercedes-Benz Future-Truck 2025},
howpublished = {\url{https://www.mercedes-benz.com/de/innovation/autonomous/selbststaendig-unterwegs-der-fern-lkw-der-zukunft/}},
note         = {Stand: 09.04.2021}
}

@misc{volvo-detection-report,
title={Driverless cars: Kangaroos throwing off animal detection software},
howpublished = {\url{https://www.abc.net.au/news/2017-06-24/driverless-cars-in-australia-face-challenge-of-roo-problem/8574816}},
note         = {Stand; 10.04.2021}
}